<record><leader>00000cas a22000007a 4500</leader><controlfield tag="001">32880500</controlfield><controlfield tag="008">950727d18741875msuwr ne      0    0eng d</controlfield><datafield ind1=" " ind2=" " tag="010"><subfield code="a">sn 95068605 </subfield></datafield><datafield ind1=" " ind2=" " tag="040"><subfield code="a">MGN</subfield><subfield code="b">eng</subfield><subfield code="c">MGN</subfield><subfield code="d">OCLCQ</subfield></datafield><datafield ind1=" " ind2=" " tag="042"><subfield code="a">msc</subfield></datafield><datafield ind1="0" ind2=" " tag="130"><subfield code="a">Holmes County Republican (Lexington, Miss.)</subfield></datafield><datafield ind1="1" ind2="0" tag="245"><subfield code="a">Holmes County Republican.</subfield></datafield><datafield ind1="3" ind2="0" tag="246"><subfield code="a">Holmes Republican</subfield></datafield><datafield ind1=" " ind2=" " tag="260"><subfield code="a">Lexington, Holmes Co., Miss. :</subfield><subfield code="b">Lee and Mills</subfield></datafield><datafield ind1=" " ind2=" " tag="300"><subfield code="a">v.</subfield></datafield><datafield ind1=" " ind2=" " tag="310"><subfield code="a">Weekly</subfield></datafield><datafield ind1="1" ind2=" " tag="362"><subfield code="a">Began in 1874; ceased in 1875?</subfield></datafield><datafield ind1=" " ind2=" " tag="500"><subfield code="a">"County" appears above the masthead ornament.</subfield></datafield><datafield ind1=" " ind2=" " tag="500"><subfield code="a">Editor: J.G. Mills.</subfield></datafield><datafield ind1=" " ind2=" " tag="588"><subfield code="a">Description based on: Vol. 1, no. 5 (Aug. 21, 1874).</subfield></datafield><datafield ind1="1" ind2=" " tag="700"><subfield code="a">Mills, J. G.</subfield></datafield><datafield ind1=" " ind2=" " tag="752"><subfield code="a">United States</subfield><subfield code="b">Mississippi</subfield><subfield code="c">Holmes</subfield><subfield code="d">Lexington.</subfield></datafield></record>